<record><leader>00000cas a22000007a 4500</leader><controlfield tag="001">12396148</controlfield><controlfield tag="008">850817d18371838pauwr ne      0    0eng d</controlfield><datafield ind1=" " ind2=" " tag="010"><subfield code="a">sn 85038386 </subfield></datafield><datafield ind1=" " ind2=" " tag="040"><subfield code="a">NPY</subfield><subfield code="b">eng</subfield><subfield code="c">NPY</subfield><subfield code="d">NPH</subfield><subfield code="d">NPX</subfield><subfield code="d">MGN</subfield><subfield code="d">OCLCQ</subfield></datafield><datafield ind1=" " ind2=" " tag="042"><subfield code="a">msc</subfield></datafield><datafield ind1="0" ind2=" " tag="130"><subfield code="a">Pittsburgh Saturday evening visiter (Pittsburgh, Pa. : 1837)</subfield></datafield><datafield ind1="1" ind2="0" tag="245"><subfield code="a">Pittsburgh Saturday evening visiter.</subfield></datafield><datafield ind1="3" ind2="0" tag="246"><subfield code="a">Pittsburgh Saturday evening visitor</subfield></datafield><datafield ind1=" " ind2=" " tag="260"><subfield code="a">Pittsburgh [Pa.] :</subfield><subfield code="b">Brewster, Newton &amp; Spencer</subfield></datafield><datafield ind1=" " ind2=" " tag="300"><subfield code="a">v. ;</subfield><subfield code="c">60 cm.</subfield></datafield><datafield ind1=" " ind2=" " tag="310"><subfield code="a">Weekly</subfield></datafield><datafield ind1="1" ind2=" " tag="362"><subfield code="a">Began in Jan. 1837; ceased in 1838.</subfield></datafield><datafield ind1=" " ind2=" " tag="500"><subfield code="a">Vol. 5, no. 25 (Jan. 5, 1838)--has title: Pittsburgh Saturday evening visiter, and galaxy of western literature and science.</subfield></datafield><datafield ind1=" " ind2=" " tag="500"><subfield code="a">Publishers: A. Jaynes &amp; E. Burke Fisher, &lt;Dec.&gt; 1837-&lt;May&gt; 1838.</subfield></datafield><datafield ind1=" " ind2=" " tag="515"><subfield code="a">Issues also carry whole numbering.</subfield></datafield><datafield ind1=" " ind2=" " tag="588"><subfield code="a">Description based on: Vol. 3, no. 27 (Jan. 7, 1837).</subfield></datafield><datafield ind1=" " ind2=" " tag="752"><subfield code="a">United States</subfield><subfield code="b">Pennsylvania</subfield><subfield code="c">Allegheny</subfield><subfield code="d">Pittsburgh.</subfield></datafield><datafield ind1="0" ind2="0" tag="780"><subfield code="t">Saturday evening visiter (Pittsburgh, Pa.)</subfield><subfield code="w">(DLC)sn 85038385</subfield></datafield><datafield ind1="0" ind2="0" tag="785"><subfield code="t">Pittsburgh Saturday evening visiter and galaxy of western literature and science</subfield><subfield code="w">(DLC)sn 85038387</subfield></datafield></record>